<?xml version="1.0" encoding="UTF-8"?><collection xmlns="http://www.loc.gov/MARC21/slim"><record><leader>00389nam--2200133-i-4500</leader><controlfield tag="001">000017518</controlfield><controlfield tag="002">20161230</controlfield><controlfield tag="005">20161230201032</controlfield><controlfield tag="008">060222s1000------------r-----000-0-eng-d</controlfield><datafield ind1=" " ind2=" " tag="245"><subfield code="a">Modern chemical engineering. physical operat ions</subfield></datafield><datafield ind1=" " ind2=" " tag="260"><subfield code="a">New Yorc, Reinhold Publishing Corp., 1963 Ix + 604 P.(I)</subfield></datafield><datafield ind1=" " ind2=" " tag="490"><subfield code="a">Reinhold Chemical Engineering Series</subfield></datafield><datafield ind1=" " ind2=" " tag="700"><subfield code="a">Acrivos A</subfield></datafield><datafield ind1=" " ind2=" " tag="852"><subfield code="a">19698</subfield></datafield></record></collection>